% Encoding: UTF-8
@INPROCEEDINGS{cdrive,
        author={N. Maslekar and M. Boussedjra and J. Mouzna and H. Labiod},
        booktitle={2011 4th IFIP International Conference on New Technologies, Mobility and Security},
        title={C-DRIVE: Clustering Based on Direction in Vehicular Environment},
        year={2011},
        pages={1-5},
        keywords={pattern clustering;traffic engineering computing;vehicular ad hoc networks;C-DRIVE;VANET;adaptive traffic signal control;data dissemination;direction based clustering algorithm;vehicle density estimation;vehicular environment;Algorithm design and analysis;Bandwidth;Clustering algorithms;IP networks;Mobile communication;Protocols;Vehicles},
        doi={10.1109/NTMS.2011.5720653},
        ISSN={2157-4952},
        month={Feb},}
@Online{scala,
    title={Scala Language Specification},
    url={http://www.scala-lang.org/files/archive/spec/2.11/}
}
@MISC{veins,
    title={VEINS},
    url={http://veins.car2x.org}
}

@Manual{akka,
  title = {Akka Scala Documentation},
  url   = {http://doc.akka.io/docs/akka/2.4/AkkaScala.pdf},
}

@Article{kafka,
  author     = {Guozhang Wang and Joel Koshy and Sriram Subramanian and Kartik Paramasivam and Mammad Zadeh and Neha Narkhede and Jun Rao and Jay Kreps and Joe Stein},
  title      = {Building a Replicated Logging System with Apache Kafka},
  journal    = {Proceedings of the {VLDB} Endowment},
  year       = {2015},
  volume     = {8},
  number     = {12},
  pages      = {1654--1655},
  month      = {aug},
  issn       = {2150-8097},
  acmid      = {2824063},
  doi        = {10.14778/2824032.2824063},
  issue_date = {August 2015},
  numpages   = {2},
  publisher  = {VLDB Endowment},
  url        = {http://dx.doi.org/10.14778/2824032.2824063},
}
@INPROCEEDINGS{hive, 
author={A. Thusoo and J. S. Sarma and N. Jain and Z. Shao and P. Chakka and N. Zhang and S. Antony and H. Liu and R. Murthy}, 
booktitle={2010 IEEE 26th International Conference on Data Engineering (ICDE 2010)}, 
title={Hive - a petabyte scale data warehouse using Hadoop}, 
year={2010}, 
pages={996-1005}, 
keywords={SQL;competitive intelligence;data warehouses;public domain software;query processing;Hadoop software;HiveQL language;Metastore system catalog;SQL-like declarative language;arrays;business intelligence;data exploration;map-reduce jobs;maps;nested compositions;open-source map-reduce implementation;petabyte scale data warehouse;primitive types;query compilation;query optimization;Companies;Data warehouses;Facebook;Hardware;Libraries;Open source software;Plugs;Query processing;Statistics;Warehousing}, 
doi={10.1109/ICDE.2010.5447738}, 
ISSN={1063-6382}, 
month={March}}

@InProceedings{cv:hive,
  author    = {Weijia Xu and Natalia Ruiz Juri and Amit Gupta and Amanda Deering and Chandra Bhat and James Kuhr and Jackson Archer},
  title     = {Supporting large scale connected vehicle data analysis using HIVE},
  booktitle = {2016 IEEE International Conference on Big Data (Big Data)},
  year      = {2016},
  pages     = {2296-2304},
  month     = {Dec},
  publisher = {Institute of Electrical and Electronics Engineers ({IEEE})},
  doi       = {10.1109/BigData.2016.7840862},
  keywords  = {data analysis;data handling;road vehicles;traffic engineering computing;vehicular ad hoc networks;CV data analysis;HIVE;MapReduce programming framework;Spark programming framework;connected vehicle data analysis;data analytic tasks;data storage;roadside infrastructure;safety-related information;transportation operations;transportation planning research;vehicle connectivity;vehicle message exchange;Data analysis;Planning;Programming;Safety;Sparks;Vehicles;Big Data;Connected Vehicles Data;Hive;Spark;Transportation Planning},
}

@Article{connectivitypaper,
  author    = {Ning Lu and Nan Cheng and Ning Zhang and Xuemin Shen and Jon W. Mark},
  title     = {Connected Vehicles: Solutions and Challenges},
  journal   = {IEEE Internet of Things Journal},
  year      = {2014},
  volume    = {1},
  number    = {4},
  pages     = {289-299},
  month     = {Aug},
  issn      = {2327-4662},
  doi       = {10.1109/JIOT.2014.2327587},
  keywords  = {intelligent transportation systems;next generation networks;road vehicles;vehicular ad hoc networks;Internet of Vehicles;IoV;automotive revolution;connected vehicles;next generation intelligent transportation systems;vehicle communication;vehicle-to-Internet infrastructure connectivity;vehicle-to-road infrastructure connectivity;vehicle-to-sensor infrastructure connectivity;vehicle-to-vehicle infrastructure connectivity;vehicle-to-x connectivity;wireless connectivities;Communication system security;Reliability;Safety;Vehicles;Wireless communication;Wireless sensor networks;Zigbee;Connected vehicles;Internet of Vehicles (IoV);intelligent transportation systems (ITSs);intra-vehicle wireless sensor networks;vehicular networks},
  publisher = {Institute of Electrical and Electronics Engineers ({IEEE})},
}

@Article{mapreduce,
  author  = {Jeffrey Dean and Sanjay Ghemawat},
  title   = {MapReduce: Simplified Data Processing on Large Clusters},
  journal = {OSDI'04: Sixth Symposium on Operating System Design and Implementation},
  year    = {2004},
  url     = {https://research.google.com/archive/mapreduce.html},
}

@Manual{aws,
  title = {Getting Started with AWS},
  url   = {http://docs.aws.amazon.com/gettingstarted/latest/awsgsg-intro/awsgsg-intro.pdf},
}

@InProceedings{spark:streaming,
  author    = {Matei Zaharia and Tathagata Das and Haoyuan Li and Timothy Hunter and Scott Shenker and Ion Stoica},
  title     = {Discretized Streams: Fault-tolerant Streaming Computation at Scale},
  booktitle = {Proceedings of the Twenty-Fourth ACM Symposium on Operating Systems Principles},
  year      = {2013},
  series    = {SOSP '13},
  pages     = {423--438},
  address   = {New York, NY, USA},
  publisher = {ACM},
  acmid     = {2522737},
  doi       = {10.1145/2517349.2522737},
  isbn      = {978-1-4503-2388-8},
  location  = {Farminton, Pennsylvania},
  numpages  = {16},
  url       = {http://doi.acm.org/10.1145/2517349.2522737},
}

@Misc{kafka:streams,
  title = {Kafka Streams},
  url   = {http://docs.confluent.io/3.0.0/streams/},
}

@Misc{hitachi,
    title={Internet on Wheels},
    url = {https://www.hds.com/en-ous/pdf/white-paper/hitachi-white-paper-internet-on-wheels.pdf}
}

@Manual{postgres,
  title = {PostgreSQL 9.6.2 Documentation},
  file  = {:postgres - PostgreSQL 9.6.2 Documentation.pdf:PDF},
  url   = {https://www.postgresql.org/files/documentation/pdf/9.6/postgresql-9.6-US.pdf},
}

@Misc{azure:iot,
  title = {Azure IoT Developer Center},
  owner = {wrkronmiller},
  url   = {https://azure.microsoft.com/en-us/develop/iot/},
}

@Misc{babel,
  title = {Babel Â· The compiler for writing next generation JavaScript},
  url   = {https://babeljs.io},
}

@Misc{google:iot,
  title = {Internet of Things (IOT) Solutions},
  url   = {https://cloud.google.com/solutions/iot/},
}

@Misc{ibm:iot,
  title = {Watson IoT Platform: Recognized as a leader in Internet of Things platforms},
  url   = {https://www.ibm.com/internet-of-things/platform/watson-iot-platform/},
}

@Article{forbes:iot,
  author  = {Ryan Kearny},
  title   = {Four Things To Watch For In Your Cloud Blind Spots},
  journal = {Forbes},
  year    = {2017},
  url     = {https://www.forbes.com/sites/f5/2017/01/25/four-things-to-watch-for-in-your-cloud-blind-spots/#2d91994e3457},
}

@Misc{edgent,
  title = {Edgent},
  url   = {https://edgent.apache.org},
}

@Misc{aws:iot,
  title = {What Is AWS IoT?},
  url   = {http://docs.aws.amazon.com/iot/latest/developerguide/what-is-aws-iot.html},
}
@Misc{greengrass, title={Greengrass}, url={https://aws.amazon.com/greengrass/faqs/}}

@inproceedings{hdfs,
     author = {Shvachko, Konstantin and Kuang, Hairong and Radia, Sanjay and Chansler, Robert},
     title = {The Hadoop Distributed File System},
     booktitle = {Proceedings of the 2010 IEEE 26th Symposium on Mass Storage Systems and Technologies (MSST)},
     series = {MSST '10},
     year = {2010},
     isbn = {978-1-4244-7152-2},
     pages = {1--10},
     numpages = {10},
     url = {http://dx.doi.org/10.1109/MSST.2010.5496972},
     doi = {10.1109/MSST.2010.5496972},
     acmid = {1914427},
     publisher = {IEEE Computer Society},
     address = {Washington, DC, USA},
}

@INPROCEEDINGS{vanet:simulators,
    author={E. Spaho and L. Barolli and G. Mino and F. Xhafa and V. Kolici},
    booktitle={2011 International Conference on Broadband and Wireless Computing, Communication and Applications},
    title={VANET Simulators: A Survey on Mobility and Routing Protocols},
    year={2011},
    pages={1-10},
    keywords={routing protocols;telecommunication computing;vehicular ad hoc networks;VANET simulator;general purpose distributed wireless networks;inter vehicle communication;mobility model;mobility survey;network simulator;routing protocol;vehicular ad hoc networks;vehicular traffic simulator;Ad hoc networks;Object oriented modeling;Roads;Routing;Routing protocols;Vehicles;Mobility Models;Routing Protocols;Simulators;VANETs},
    doi={10.1109/BWCCA.2011.11},
    month={Oct}
}
@inproceedings{spark,
    author = {Zaharia, Matei and Chowdhury, Mosharaf and Franklin, Michael J. and Shenker, Scott and Stoica, Ion},
    title = {Spark: Cluster Computing with Working Sets},
    booktitle = {Proceedings of the 2Nd USENIX Conference on Hot Topics in Cloud Computing},
    series = {HotCloud'10},
    year = {2010},
    location = {Boston, MA},
    pages = {10--10},
    numpages = {1},
    url = {http://dl.acm.org/citation.cfm?id=1863103.1863113},
    acmid = {1863113},
    publisher = {USENIX Association},
    address = {Berkeley, CA, USA},
} 

@InProceedings{flink,
  author    = {Paris Carbone and Asterios Katsifodimos and Stephan Ewen and Volker Markl and Seif Haridi and Kostas Tzoumas},
  title     = {Apache FlinkTM: Stream and Batch Processing in a Single Engine},
  booktitle = {Bulletin of the IEEE Computer Society Technical Committee on Data Engineering},
  year      = {2015},
}

@InProceedings{heron,
  author    = {Kulkarni, Sanjeev and Bhagat, Nikunj and Fu, Maosong and Kedigehalli, Vikas and Kellogg, Christopher and Mittal, Sailesh and Patel, Jignesh M. and Ramasamy, Karthik and Taneja, Siddarth},
  title     = {Twitter Heron: Stream Processing at Scale},
  booktitle = {Proceedings of the 2015 ACM SIGMOD International Conference on Management of Data},
  year      = {2015},
  series    = {SIGMOD '15},
  pages     = {239--250},
  address   = {New York, NY, USA},
  publisher = {ACM},
  acmid     = {2742788},
  doi       = {10.1145/2723372.2742788},
  isbn      = {978-1-4503-2758-9},
  keywords  = {real-time data processing., stream data processing systems},
  location  = {Melbourne, Victoria, Australia},
  numpages  = {12},
  url       = {http://doi.acm.org/10.1145/2723372.2742788},
}

@Comment{jabref-meta: databaseType:bibtex;}
